@article{Hinton2012A,
  title={A Practical Guide to Training Restricted Boltzmann Machines},
  author={Hinton, Geoffrey E.},
  journal={Momentum},
  volume={9},
  number={1},
  pages={599-619},
  year={2012},
}
@article{Kramer1990Diagnosis,
  title={Diagnosis using backpropagation neural networksâ€”analysis and criticism},
  author={Kramer, M. A. and Leonard, J. A.},
  journal={Computers \& Chemical Engineering},
  volume={14},
  number={12},
  pages={1323-1338},
  year={1990},
}
@article{vapnik1999overview,
  title={An overview of statistical learning theory},
  author={Vapnik, Vladimir N},
  journal={IEEE transactions on neural networks},
  volume={10},
  number={5},
  pages={988--999},
  year={1999},
  publisher={Citeseer}
}
@article{Wang2015Detection,
  title={Detection of weak transient signals based on wavelet packet transform and manifold learning for rolling element bearing fault diagnosis},
  author={Wang, Yi and Xu, Guanghua and Liang, Lin and Jiang, Kuosheng},
  journal={Mechanical Systems \& Signal Processing},
  volume={54-55},
  pages={259-276},
  year={2015},
}
@article{guangquan2016fault,
  title={Fault feature extraction and diagnosis method based on deep belief network},
  author={Guangquan, ZHAO and Qiangqiang, GE and Xiaoyong, LIU and Xiyuan, Peng},
  journal={Chinese Journal of Scientific Instrument},
  volume={39},
  number={7},
  pages={1946--1953},
  year={2016}
}
@article{Yongle2015Zero,
  title={Zero Drift Compensation of MEMS Accelerometer based on Wavelet Packers-Neural Network},
  author={Yongle, L. U. and Pan, Yingjun and Ren, Chunhua and Liu, Yu and Peng, Hui},
  journal={Piezoelectrics \& Acoustooptics},
  volume={37},
  number={1},
  pages={27-31},
  year={2015},
}
@article{jia2016deep,
  title={Deep neural networks: A promising tool for fault characteristic mining and intelligent diagnosis of rotating machinery with massive data},
  author={Jia, Feng and Lei, Yaguo and Lin, Jing and Zhou, Xin and Lu, Na},
  journal={Mechanical Systems and Signal Processing},
  volume={72},
  pages={303--315},
  year={2016},
  publisher={Elsevier}
}
@article{YiThe,
  title={The optimized deep belief networks with improved logistic Sigmoid units and their application in fault diagnosis for planetary gearboxes of wind turbines},
  author={Yi, Qin and Xin, Wang and Jingqiang, Zou},
  journal={IEEE Transactions on Industrial Electronics},
  year={2019}
}
@article{Walczak1997Noise,
  title={Noise suppression and signal compression using the wavelet packet transform},
  author={Walczak, B. and Massart, D. L.},
  journal={Chemometrics \& Intelligent Laboratory Systems},
  volume={36},
  number={2},
  pages={81-94},
  year={1997},
}
@article{ZHANG201914,
title = "Bearing performance degradation assessment using long short-term memory recurrent network",
journal = "Computers in Industry",
volume = "106",
pages = "14 - 29",
year = "2019",
issn = "0166-3615",
doi = "https://doi.org/10.1016/j.compind.2018.12.016",
url = "http://www.sciencedirect.com/science/article/pii/S0166361518304640",
author = "Bin Zhang and Shaohui Zhang and Weihua Li",
}
@article{hinton2006fast,
  title={A fast learning algorithm for deep belief nets},
  author={Hinton, Geoffrey E and Osindero, Simon and Teh, Yee-Whye},
  journal={Neural computation},
  volume={18},
  number={7},
  pages={1527--1554},
  year={2006},
  publisher={MIT Press}
}
@article{hinton1986learning,
  title={Learning and relearning in Boltzmann machines},
  author={Hinton, Geoffrey E and Sejnowski, Terrence J and others},
  journal={Parallel distributed processing: Explorations in the microstructure of cognition},
  volume={1},
  number={282-317},
  pages={2},
  year={1986}
}
@article{zhangchunxia,
  title={Restricted Boltzmann Machines},
  author={ZHANG Chun-xia and JI Nan-nan and WANG Guan-wei},
  journal={CHINESE JOURNAL OF ENGINEERING MATHEMATICS},
  year={2015},
}
@article{Hinton2002Training,
  title={Training products of experts by minimizing contrastive divergence},
  author={Hinton, G. E.},
  journal={Neural Computation},
  volume={14},
  number={8},
  pages={1771-1800},
  year={2002},
}
@article{wang2017improved,
  title={Improved classification with semi-supervised deep belief network},
  author={Wang, Gongming and Qiao, Junfei and Li, Xiaoli and Wang, Lei and Qian, Xiaolong},
  journal={IFAC-PapersOnLine},
  volume={50},
  number={1},
  pages={4174--4179},
  year={2017},
  publisher={Elsevier}
}
%%%%










